@misc{mulligan2023datalism,
      title={Datalism and Data Monopolies in the Era of A.I.: A Research Agenda}, 
      author={Catherine E. A. Mulligan and Phil Godsiff},
      year={2023},
      eprint={2307.08049},
      archivePrefix={arXiv},
      primaryClass={econ.GN}
}