@article{Andersen2023,
    author = {Ross Andersen},
    title = {Does Sam Altman Know What He's Creating? The OpenAI CEO's ambitious, ingenious, terrifying quest to create a new form of intelligence},
    journal = {The Atlantic},
    year = {2023},
    url = {https://www.theatlantic.com/magazine/archive/2023/09/sam-altman-openai-chatgpt-gpt-4/674764/}
}
\end